@ARTICLE{Stankovic14, 
author={J. A. Stankovic}, 
journal={IEEE Internet of Things Journal}, 
title={Research Directions for the Internet of Things}, 
year={2014}, 
volume={1}, 
number={1}, 
pages={3-9}, 
keywords={Internet;Internet of Things;Internet of Things;IoT;Actuators;Internet of Things;Mobile computing;Network security;Privacy;Real-time systems;Rersearch and development;Wireless sensor networks;Cyber physical systems;Internet of Things (IoT);mobile computing;pervasive computing;wireless sensor networks}, 
month={Feb},}

@article{al2015internet,
  title={Internet of things: A survey on enabling technologies, protocols, and applications},
  author={Al-Fuqaha, Ala and Guizani, Mohsen and Mohammadi, Mehdi and Aledhari, Mohammed and Ayyash, Moussa},
  journal={IEEE Communications Surveys \& Tutorials},
  volume={17},
  number={4},
  pages={2347--2376},
  year={2015},
  publisher={IEEE}
}

@article{sicari2015security,
  title={Security, privacy and trust in Internet of Things: The road ahead},
  author={Sicari, Sabrina and Rizzardi, Alessandra and Grieco, Luigi Alfredo and Coen-Porisini, Alberto},
  journal={Computer Networks},
  volume={76},
  pages={146--164},
  year={2015},
  publisher={Elsevier}
}

@article{leduc2008road,
  title={Road traffic data: Collection methods and applications},
  author={Leduc, Guillaume},
  journal={Working Papers on Energy, Transport and Climate Change},
  volume={1},
  number={55},
  year={2008}
}


@inproceedings{mohan2008nericell,
  title={Nericell: rich monitoring of road and traffic conditions using mobile smartphones},
  author={Mohan, Prashanth and Padmanabhan, Venkata N and Ramjee, Ramachandran},
  booktitle={Proceedings of the 6th ACM conference on Embedded network sensor systems},
  pages={323--336},
  year={2008},
  organization={ACM}
}

@article{ji2014cloud,
  title={A cloud-based car parking middleware for IoT-based smart cities: Design and implementation},
  author={Ji, Zhanlin and Ganchev, Ivan and O'Droma, M{\'a}irt{\'\i}n and Zhao, Li and Zhang, Xueji},
  journal={Sensors},
  volume={14},
  number={12},
  pages={22372--22393},
  year={2014},
  publisher={Multidisciplinary Digital Publishing Institute}
}

@article{midgley2009role,
  title={The role of smart bike-sharing systems in urban mobility},
  author={Midgley, Peter},
  journal={Journeys},
  volume={2},
  number={1},
  pages={23--31},
  year={2009},
  publisher={Land Transport Authority (LTA) Academy Singapore}
}

@inproceedings{dutta2009common,
  title={Common sense: participatory urban sensing using a network of handheld air quality monitors},
  author={Dutta, Prabal and Aoki, Paul M and Kumar, Neil and Mainwaring, Alan and Myers, Chris and Willett, Wesley and Woodruff, Allison},
  booktitle={Proceedings of the 7th ACM conference on embedded networked sensor systems},
  pages={349--350},
  year={2009},
  organization={ACM}
}

@inproceedings{le2007design,
  title={Design and deployment of a remote robust sensor network: Experiences from an outdoor water quality monitoring network},
  author={Le Dinh, Tuan and Hu, Wen and Sikka, Pavan and Corke, Peter and Overs, Leslie and Brosnan, Stephen},
  booktitle={Local Computer Networks, 2007. LCN 2007. 32nd IEEE Conference on},
  pages={799--806},
  year={2007},
  organization={IEEE}
}

@article{khalifa2011survey,
  title={A survey of communication protocols for automatic meter reading applications},
  author={Khalifa, Tarek and Naik, Kshirasagar and Nayak, Amiya},
  journal={IEEE Communications Surveys \& Tutorials},
  volume={13},
  number={2},
  pages={168--182},
  year={2011},
  publisher={IEEE}
}

@inproceedings{glouche2013smart,
  title={A smart waste management with self-describing objects},
  author={Glouche, Yann and Couderc, Paul},
  booktitle={The Second International Conference on Smart Systems, Devices and Technologies (SMART'13)},
  year={2013}
}

@online{pems17,
   key={PeMS},
   title={Performance Measurement System (PeMS) Real Time Traffic Data, Caltrans},
   url={http://pems.dot.ca.gov/},
   year={2017 (last retrieved)}
}

@online{aqmd17,
   key={AQMD},
   title={Live Air Quality Data, South Coast Air Quality Management District, California},
   url={http://www.aqmd.gov/home/tools/air-quality},
   year={2017 (last retrieved)}
}

@article{pubsub,
  title={The many faces of publish/subscribe},
  author={Eugster, Patrick Th and Felber, Pascal A and Guerraoui, Rachid and Kermarrec, Anne-Marie},
  journal={ACM computing surveys (CSUR)},
  volume={35},
  number={2},
  pages={114--131},
  year={2003},
  publisher={ACM}
}

@misc{pubnub,
   key={PubNub},
   title={PubNub Real Time Data Stream Networks},
   url={http://www.pubnub.com},
   year={2017 (last retrieved)}
}

@article{light2013mosquitto,
  title={Mosquitto-an open source mqtt v3. 1 broker},
  author={Light, R},
  journal={URL: http://mosquitto. org},
  year={2013}
}

@article{yao2002cougar,
  title={The cougar approach to in-network query processing in sensor networks},
  author={Yao, Yong and Gehrke, Johannes},
  journal={ACM Sigmod record},
  volume={31},
  number={3},
  pages={9--18},
  year={2002},
  publisher={ACM}
}

@inproceedings{krishnamachari2002impact,
  title={The impact of data aggregation in wireless sensor networks},
  author={Krishnamachari, L and Estrin, Deborah and Wicker, Stephen},
  booktitle={Distributed Computing Systems Workshops, 2002. Proceedings. 22nd International Conference on},
  pages={575--578},
  year={2002},
  organization={IEEE}
}

@misc{blocks, 
   key={PubNub Blocks},
   title={PubNub Blocks Real Time Computation}, 
   url={https://www.pubnub.com/products/blocks/}, 
   year={2017 (last retrieved)}
}

@article{kwame17,
   title={The Publish-Process-Subscribe Pradigm for the Internet of Things},
   author={Krishnamachari, Bhaskar and Wright, Kwame},
   journal={USC ANRG Technical Report, ANRG-2017-04},
   year={2017}
}
