@inproceedings{medvinsky1993netcash,
  title={NetCash: A design for practical electronic currency on the Internet},
  author={Medvinsky, Gennady and Neuman, Clifford},
  booktitle={Proceedings of the 1st ACM Conference on Computer and Communications Security},
  pages={102--106},
  year={1993},
  publisher={ACM},
  address={New York}
}

@inproceedings{bellare1993random,
  title={Random oracles are practical: A paradigm for designing efficient protocols},
  author={Bellare, Mihir and Rogaway, Phillip},
  booktitle={Proceedings of the 1st ACM Conference on Computer and Communications Security},
  pages={62--73},
  year={1993},
  publisher={ACM},
  address={New York}  
}

@inproceedings{blaze1993cryptographic,
  title={A cryptographic file system for UNIX},
  author={Blaze, Matt},
  booktitle={Proceedings of the 1st ACM Conference on Computer and Communications Security},
  pages={9--16},
  year={1993},
  publisher={ACM},
  address={New York}
}

@inproceedings{anderson1993cryptosystems,
  title={Why cryptosystems fail},
  author={Anderson, Ross},
  booktitle={Proceedings of the 1st ACM Conference on Computer and Communications Security},
  pages={215--227},
  year={1993},
  publisher={ACM},
  address={New York}
}

@misc{oblivc,
    author = {Samee Zahur and David Evans},
    title = {Obliv-C: A Language for Extensible Data-Oblivious Computation},
    howpublished = {Cryptology ePrint Archive, Report 2015/1153},
    year = {2015},
    note = {\url{http://eprint.iacr.org/2015/1153}},
}

@inproceedings{justgarble,
  author    = {Mihir Bellare and
               Viet Tung Hoang and
               Sriram Keelveedhi and
               Phillip Rogaway},
  title     = {Efficient Garbling from a Fixed-Key Blockcipher},
  booktitle = {2013 {IEEE} Symposium on Security and Privacy, {SP} 2013, Berkeley,
               CA, USA, May 19-22, 2013},
  pages     = {478--492},
  year      = {2013},
  crossref  = {DBLP:conf/sp/2013},
  doi       = {10.1109/SP.2013.39},
  timestamp = {Thu, 08 Jan 2015 16:59:44 +0100},
  biburl    = {http://dblp.uni-trier.de/rec/bib/conf/sp/BellareHKR13},
  bibsource = {dblp computer science bibliography, http://dblp.org}
}

@online{libgarble,
  author = {Alex J. Malozemoff},
  title = {libgarble, Garbling library based on JustGarble},
  year = {2017},
  url = {https://github.com/amaloz/libgarble}
}

@online{mqttgo,
  author = {Jeff R. Allen},
  title = {MQTT Clients and Servers in Go},
  year = {2016},
  url = {https://github.com/jeffallen/mqtt}
}

@online{paho,
  author = {Eclipse Foundation},
  title = {Eclipse Paho MQTT C Client},
  year = {2013},
  url = {https://www.eclipse.org/paho/clients/c/}
}

@online{libsodium,
  author = {Frank Denis},
  title = {libsodium, A modern and easy-to-use crypto library},
  year = {2017},
  url = {https://download.libsodium.org/doc/}
}

@online{nacl,
  author = {Daniel J. Bernstein, Tanja Lange, Peter Schwabe},
  title = {NaCl: Networking and Cryptography library},
  year = {2016},
  url = {https://nacl.cr.yp.to/}
}

@article{signal1,
  author    = {Katriel Cohn{-}Gordon and
               Cas Cremers and
               Benjamin Dowling and
               Luke Garratt and
               Douglas Stebila},
  title     = {A Formal Security Analysis of the Signal Messaging Protocol},
  journal   = {{IACR} Cryptology ePrint Archive},
  volume    = {2016},
  pages     = {1013},
  year      = {2016},
  url       = {http://eprint.iacr.org/2016/1013},
  timestamp = {Wed, 09 Nov 2016 14:18:23 +0100},
  biburl    = {http://dblp.uni-trier.de/rec/bib/journals/iacr/Cohn-GordonCDGS16},
  bibsource = {dblp computer science bibliography, http://dblp.org}
}

@misc{signal2,
    author = {Tilman Frosch and Christian Mainka and Christoph Bader and Florian Bergsma and Joerg Schwenk and Thorsten Holz},
    title = {How Secure is TextSecure?},
    howpublished = {Cryptology ePrint Archive, Report 2014/904},
    year = {2014},
    note = {\url{http://eprint.iacr.org/2014/904}},
}

@inproceedings{Pinkas0Z14,
  author    = {Benny Pinkas and
               Thomas Schneider and
               Michael Zohner},
  title     = {Faster Private Set Intersection Based on {OT} Extension},
  booktitle = {Proceedings of the 23rd {USENIX} Security Symposium, San Diego, CA,
               USA, August 20-22, 2014.},
  pages     = {797--812},
  year      = {2014},
  crossref  = {DBLP:conf/uss/2014},
  url       = {https://www.usenix.org/conference/usenixsecurity14/technical-sessions/presentation/pinkas},
  timestamp = {Fri, 19 Aug 2016 15:38:03 +0200},
  biburl    = {http://dblp.uni-trier.de/rec/bib/conf/uss/Pinkas0Z14},
  bibsource = {dblp computer science bibliography, http://dblp.org}
}

@misc{cryptoeprint:2016:930,
    author = {Benny Pinkas and Thomas Schneider and Michael Zohner},
    title = {Scalable Private Set Intersection Based on OT Extension},
    howpublished = {Cryptology ePrint Archive, Report 2016/930},
    year = {2016},
    note = {\url{http://eprint.iacr.org/2016/930}},
}

@online{mqtt,
   key={MQTT},
   title={Message Queue Telemetry Transport},
   url={http://mqtt.org/},
   year={2017 (last retrieved)}
}
